@inproceedings{guo2023riskprediction,
  title={Online Action Recognition for Human Risk Prediction with Anticipated Haptic Alert via Wearables},
  author={Cheng Guo, Lorenzo Rapetti, Kourosh Darvish, Riccardo Grieco, Francesco Draicchio, Daniele Pucci},
  booktitle={2023 IEEE-RAS 22nd International Conference on Humanoid Robots (Humanoids)},
  pages={1--8},
  year={2023},
  organization={IEEE},
  doi={10.1109/Humanoids57100.2023.10375149}
}
