% references

@article{Waters1993,
  title={Revised NIOSH equation for the design and evaluation of manual lifting tasks},
  author={Waters, Thomas R and Putz-Anderson, Vern and Garg, Arun and Fine, Lawrence J},
  journal={Ergonomics},
  volume={36},
  number={7},
  pages={749--776},
  year={1993},
  publisher={Taylor \& Francis}
}

@article{Kuijer2014,
  title={An evidence-based multidisciplinary practice guideline to reduce the workload due to lifting for preventing work-related low back pain},
  author={Kuijer, P Paul FM and Verbeek, Jos HAM and Visser, Bart and Elders, Leo AM and Van Roden, Nico and Van den Wittenboer, Marion ER and Lebbink, Marian and Burdorf, Alex and Hulshof, Carel TJ},
  journal={Annals of occupational and environmental medicine},
  volume={26},
  number={1},
  pages={1--9},
  year={2014},
  publisher={BioMed Central}
}

@article{Rapetti2020,
  title={Model-based real-time motion tracking using dynamical inverse kinematics},
  author={Rapetti, Lorenzo and Tirupachuri, Yeshasvi and Darvish, Kourosh and Dafarra, Stefano and Nava, Gabriele and Latella, Claudia and Pucci, Daniele},
  journal={Algorithms},
  volume={13},
  number={10},
  pages={266},
  year={2020},
  publisher={MDPI}
}

@article{Latella2019,
  title={Simultaneous floating-base estimation of human kinematics and joint torques},
  author={Latella, Claudia and Traversaro, Silvio and Ferigo, Diego and Tirupachuri, Yeshasvi and Rapetti, Lorenzo and Andrade Chavez, Francisco Javier and Nori, Francesco and Pucci, Daniele},
  journal={Sensors},
  volume={19},
  number={12},
  pages={2794},
  year={2019},
  publisher={MDPI}
}

@inproceedings{Kourosh2022,
  title={Simultaneous Action Recognition and Human Whole-Body Motion and Dynamics Prediction from Wearable Sensors},
  author={Darvish, Kourosh and Ivaldi, Serena and Pucci, Daniele},
  booktitle={2022 IEEE-RAS 21st International Conference on Humanoid Robots (Humanoids)},
  pages={488--495},
  year={2022},
  organization={IEEE}
}

@article{Metta2006,
  title={YARP: yet another robot platform},
  author={Metta, Giorgio and Fitzpatrick, Paul and Natale, Lorenzo},
  journal={International Journal of Advanced Robotic Systems},
  volume={3},
  number={1},
  pages={8},
  year={2006},
  publisher={SAGE Publications Sage UK: London, England}
}

@article{Waters1994,
  title={Applications manual for the revised NIOSH lifting equation},
  author={Waters, Thomas R and Putz-Anderson, Vern and Garg, Arun},
  year={1994}
}

@article{Ramadoss2022,
  title={Whole-Body Human Kinematics Estimation using Dynamical Inverse Kinematics and Contact-Aided Lie Group Kalman Filter},
  author={Ramadoss, Prashanth and Rapetti, Lorenzo and Tirupachuri, Yeshasvi and Grieco, Riccardo and Milani, Gianluca and Valli, Enrico and Dafarra, Stefano and Traversaro, Silvio and Pucci, Daniele},
  journal={arXiv preprint arXiv:2205.07835},
  year={2022}
}

@book{Health1981,
  title={Work practices guide for manual lifting},
  author={Health. Division of Biomedical and Behavioral Science},
  number={81-122},
  year={1981},
  publisher={US Department of Health and Human Services, Public Health Service, Centers~…}
}

@article{Lu2014,
  title={Efficacy of the revised NIOSH lifting equation to predict risk of low-back pain associated with manual lifting: a one-year prospective study},
  author={Lu, Ming-Lun and Waters, Thomas R and Krieg, Edward and Werren, Dwight},
  journal={Human factors},
  volume={56},
  number={1},
  pages={73--85},
  year={2014},
  publisher={Sage Publications Sage CA: Los Angeles, CA}
}

@article{Waters2011,
  title={Efficacy of the revised NIOSH lifting equation to predict risk of low back pain due to manual lifting: expanded cross-sectional analysis},
  author={Waters, Thomas R and Lu, Ming-Lun and Piacitelli, Laurie A and Werren, Dwight and Deddens, James A},
  journal={Journal of Occupational and Environmental Medicine},
  pages={1061--1067},
  year={2011},
  publisher={JSTOR}
}

@article{Dempsey2002,
  title={Usability of the revised NIOSH lifting equation},
  author={Dempsey, Patrick G},
  journal={Ergonomics},
  volume={45},
  number={12},
  pages={817--828},
  year={2002},
  publisher={Taylor \& Francis}
}

@book{Marras2006,
  title={Fundamentals and assessment tools for occupational ergonomics},
  author={Marras, William S},
  year={2006},
  publisher={Crc Press}
}

@article{Potvin1997,
  title={Use of NIOSH equation inputs to calculate lumbosacral compression forces},
  author={Potvin, JR},
  journal={Ergonomics},
  volume={40},
  number={7},
  pages={691--707},
  year={1997},
  publisher={Taylor \& Francis}
}

@article{Lavender2003,
  title={The effects of initial lifting height, load magnitude, and lifting speed on the peak dynamic L5/S1 moments},
  author={Lavender, Steven A and Andersson, Gunnar BJ and Schipplein, Owen D and Fuentes, Henry J},
  journal={International Journal of Industrial Ergonomics},
  volume={31},
  number={1},
  pages={51--59},
  year={2003},
  publisher={Elsevier}
}

@article{Goh1998,
  title={Effects of varying backpack loads on peak forces in the lumbosacral spine during walking},
  author={Goh, JH and Thambyah, Ashvin and Bose, Krishnangshu},
  journal={Clinical biomechanics},
  volume={13},
  number={1},
  pages={S26--S31},
  year={1998},
  publisher={Elsevier}
}

@article{Battini2016,
  title={Ergonomics in assembly line balancing based on energy expenditure: a multi-objective model},
  author={Battini, Daria and Delorme, Xavier and Dolgui, Alexandre and Persona, Alessandro and Sgarbossa, Fabio},
  journal={International Journal of Production Research},
  volume={54},
  number={3},
  pages={824--845},
  year={2016},
  publisher={Taylor \& Francis}
}

@article{Ranavolo2017,
  title={Mechanical lifting energy consumption in work activities designed by means of the “revised NIOSH lifting equation”},
  author={Ranavolo, Alberto and Varrecchia, Tiwana and Rinaldi, Martina and Silvetti, Alessio and Serrao, Mariano and Conforto, Silvia and Draicchio, Francesco},
  journal={Industrial health},
  volume={55},
  number={5},
  pages={444--454},
  year={2017},
  publisher={National Institute of Occupational Safety and Health}
}

@article{Ranavolo2015,
  title={A new muscle co-activation index for biomechanical load evaluation in work activities},
  author={Ranavolo, Alberto and Mari, Silvia and Conte, Carmela and Serrao, Mariano and Silvetti, Alessio and Iavicoli, Sergio and Draicchio, Francesco},
  journal={Ergonomics},
  volume={58},
  number={6},
  pages={966--979},
  year={2015},
  publisher={Taylor \& Francis}
}

@book{Ulloa2018,
  title={Applied Biomechatronics Using Mathematical Models},
  author={Ulloa, Jorge Garza},
  year={2018},
  publisher={Academic press}
}

@article{Tan2019,
  title={Influence of IMU position and orientation placement errors on ground reaction force estimation},
  author={Tan, Tian and Chiasson, David P and Hu, Hai and Shull, Peter B},
  journal={Journal of biomechanics},
  volume={97},
  pages={109416},
  year={2019},
  publisher={Elsevier}
}

@article{Ancans2021,
  title={Wearable sensor clothing for body movement measurement during physical activities in healthcare},
  author={Ancans, Armands and Greitans, Modris and Cacurs, Ricards and Banga, Beate and Rozentals, Artis},
  journal={Sensors},
  volume={21},
  number={6},
  pages={2068},
  year={2021},
  publisher={MDPI}
}

@article{Kok2014,
  title={An optimization-based approach to human body motion capture using inertial sensors},
  author={Kok, Manon and Hol, Jeroen D and Sch{\"o}n, Thomas B},
  journal={IFAC Proceedings Volumes},
  volume={47},
  number={3},
  pages={79--85},
  year={2014},
  publisher={Elsevier}
}

@inproceedings{Von2017,
  title={Sparse inertial poser: Automatic 3d human pose estimation from sparse imus},
  author={Von Marcard, Timo and Rosenhahn, Bodo and Black, Michael J and Pons-Moll, Gerard},
  booktitle={Computer graphics forum},
  volume={36},
  number={2},
  pages={349--360},
  year={2017},
  organization={Wiley Online Library}
}

@inproceedings{Andrews2016,
  title={Real-time physics-based motion capture with sparse sensors},
  author={Andrews, Sheldon and Huerta, Ivan and Komura, Taku and Sigal, Leonid and Mitchell, Kenny},
  booktitle={Proceedings of the 13th European conference on visual media production (CVMP 2016)},
  pages={1--10},
  year={2016}
}

@inproceedings{Suleiman2018,
  title={On prioritized inverse kinematics tasks: Time-space decoupling},
  author={Suleiman, Wael and Ayusawa, Ko and Kanehiro, Fumio and Yoshida, Eiichi},
  booktitle={2018 IEEE 15th International Workshop on Advanced Motion Control (AMC)},
  pages={108--113},
  year={2018},
  organization={IEEE}
}

@article{Aristidou2011,
  title={FABRIK: A fast, iterative solver for the Inverse Kinematics problem},
  author={Aristidou, Andreas and Lasenby, Joan},
  journal={Graphical Models},
  volume={73},
  number={5},
  pages={243--260},
  year={2011},
  publisher={Elsevier}
}

@incollection{Grochow2004,
  title={Style-based inverse kinematics},
  author={Grochow, Keith and Martin, Steven L and Hertzmann, Aaron and Popovi{\'c}, Zoran},
  booktitle={ACM SIGGRAPH 2004 Papers},
  pages={522--531},
  year={2004}
}

@inproceedings{Zhao2019,
  title={Bayesian hierarchical dynamic model for human action recognition},
  author={Zhao, Rui and Xu, Wanru and Su, Hui and Ji, Qiang},
  booktitle={Proceedings of the IEEE/CVF Conference on Computer Vision and Pattern Recognition},
  pages={7733--7742},
  year={2019}
}

@article{Ji2012,
  title={3D convolutional neural networks for human action recognition},
  author={Ji, Shuiwang and Xu, Wei and Yang, Ming and Yu, Kai},
  journal={IEEE transactions on pattern analysis and machine intelligence},
  volume={35},
  number={1},
  pages={221--231},
  year={2012},
  publisher={IEEE}
}

@article{Darvish2020,
  title={A hierarchical architecture for human--robot cooperation processes},
  author={Darvish, Kourosh and Simetti, Enrico and Mastrogiovanni, Fulvio and Casalino, Giuseppe},
  journal={IEEE Transactions on Robotics},
  volume={37},
  number={2},
  pages={567--586},
  year={2020},
  publisher={IEEE}
}

@article{Moghaddam2013,
  title={Training initialization of hidden Markov models in human action recognition},
  author={Moghaddam, Zia and Piccardi, Massimo},
  journal={IEEE Transactions on Automation Science and Engineering},
  volume={11},
  number={2},
  pages={394--408},
  year={2013},
  publisher={IEEE}
}

@inproceedings{Hernandez2019,
  title={Human motion prediction via spatio-temporal inpainting},
  author={Hernandez, Alejandro and Gall, Jurgen and Moreno-Noguer, Francesc},
  booktitle={Proceedings of the IEEE/CVF International Conference on Computer Vision},
  pages={7134--7143},
  year={2019}
}

@inproceedings{Mao2019,
  title={Learning trajectory dependencies for human motion prediction},
  author={Mao, Wei and Liu, Miaomiao and Salzmann, Mathieu and Li, Hongdong},
  booktitle={Proceedings of the IEEE/CVF International Conference on Computer Vision},
  pages={9489--9497},
  year={2019}
}

@inproceedings{Ghosh2017,
  title={Learning human motion models for long-term predictions},
  author={Ghosh, Partha and Song, Jie and Aksan, Emre and Hilliges, Otmar},
  booktitle={2017 International Conference on 3D Vision (3DV)},
  pages={458--466},
  year={2017},
  organization={IEEE}
}

@inproceedings{Martinez2017,
  title={On human motion prediction using recurrent neural networks},
  author={Martinez, Julieta and Black, Michael J and Romero, Javier},
  booktitle={Proceedings of the IEEE conference on computer vision and pattern recognition},
  pages={2891--2900},
  year={2017}
}

@inproceedings{Chiu2019,
  title={Action-agnostic human pose forecasting},
  author={Chiu, Hsu-kuang and Adeli, Ehsan and Wang, Borui and Huang, De-An and Niebles, Juan Carlos},
  booktitle={2019 IEEE Winter Conference on Applications of Computer Vision (WACV)},
  pages={1423--1432},
  year={2019},
  organization={IEEE}
}

@article{Berret2011,
  title={Evidence for composite cost functions in arm movement planning: an inverse optimal control approach},
  author={Berret, Bastien and Chiovetto, Enrico and Nori, Francesco and Pozzo, Thierry},
  journal={PLoS computational biology},
  volume={7},
  number={10},
  pages={e1002183},
  year={2011},
  publisher={Public Library of Science San Francisco, USA}
}

@article{Mainprice2016,
  title={Goal set inverse optimal control and iterative replanning for predicting human reaching motions in shared workspaces},
  author={Mainprice, Jim and Hayne, Rafi and Berenson, Dmitry},
  journal={IEEE Transactions on Robotics},
  volume={32},
  number={4},
  pages={897--908},
  year={2016},
  publisher={IEEE}
}

@inproceedings{Rapetti2021,
  title={Shared control of robot-robot collaborative lifting with agent postural and force ergonomic optimization},
  author={Rapetti, Lorenzo and Tirupachuri, Yeshasvi and Ranavolo, Alberto and Kawakami, Tomohiro and Yoshiike, Takahide and Pucci, Daniele},
  booktitle={2021 IEEE International Conference on Robotics and Automation (ICRA)},
  pages={9840--9847},
  year={2021},
  organization={IEEE}
}

@inproceedings{Busch2017,
  title={Postural optimization for an ergonomic human-robot interaction},
  author={Busch, Baptiste and Maeda, Guilherme and Mollard, Yoan and Demangeat, Marie and Lopes, Manuel},
  booktitle={2017 IEEE/RSJ International Conference on Intelligent Robots and Systems (IROS)},
  pages={2778--2785},
  year={2017},
  organization={IEEE}
}

@inproceedings{Shafti2019,
  title={Real-time robot-assisted ergonomics},
  author={Shafti, Ali and Ataka, Ahmad and Lazpita, B Urbistondo and Shiva, Ali and Wurdemann, Helge A and Althoefer, Kaspar},
  booktitle={2019 International Conference on Robotics and Automation (ICRA)},
  pages={1975--1981},
  year={2019},
  organization={IEEE}
}

@inproceedings{Fortini2020ROMAN,
  title={A real-time tool for human ergonomics assessment based on joint compressive forces},
  author={Fortini, Luca and Lorenzini, Marta and Kim, Wansoo and De Momi, Elena and Ajoudani, Arash},
  booktitle={2020 29th IEEE International Conference on Robot and Human Interactive Communication (RO-MAN)},
  pages={1164--1170},
  year={2020},
  organization={IEEE}
}

@article{huang2018deep,
  title={Deep inertial poser: Learning to reconstruct human pose from sparse inertial measurements in real time},
  author={Huang, Yinghao and Kaufmann, Manuel and Aksan, Emre and Black, Michael J and Hilliges, Otmar and Pons-Moll, Gerard},
  journal={ACM Transactions on Graphics (TOG)},
  volume={37},
  number={6},
  pages={1--15},
  year={2018},
  publisher={ACM New York, NY, USA}
}

@inproceedings{fortini2020framework,
  title={A framework for real-time and personalisable human ergonomics monitoring},
  author={Fortini, Luca and Kim, Wansoo and Lorenzini, Marta and De Momi, Elena and Ajoudani, Arash},
  booktitle={2020 IEEE/RSJ International Conference on Intelligent Robots and Systems (IROS)},
  pages={11101--11107},
  year={2020},
  organization={IEEE}
}

@INPROCEEDINGS{sortino2023,
  author={Sortino, Dario Maria and Rapetti, Lorenzo and Valli, Enrico and Pucci, Daniele},
  booktitle={2023 IEEE-EMBS International Conference on Wearable and Implantable Body Sensor Networks (BSN)}, 
  title={Towards a real-world application of wearable sensors for musculoskeletal disorders prevention: the iFeel Wired Suit }, 
  year={2023},
  volume={},
  number={},
  pages={}}